@article{mcbride2008functional,
  title={Functional Pearl: Applicative programming with effects},
  author={McBride, Conor and Paterson, Ross},
  journal={Journal of functional programming},
  volume={18},
  number={1},
  pages={1--13},
  year={2008},
  publisher={Cambridge Univ Press}
}


@article{agbayani2010second,
  title={Second-position is first-position: Wackernagelâ€™s Law and the role of clausal conjunction},
  author={Agbayani, Brian and Golston, Chris},
  journal={Indogermanische Forschungen: Zeitschrift f{\"u}r Indogermanistik und allgemeine Sprachwissenschaft},
  volume={115},
  pages={1--21},
  year={2010}
}

@book{devine2000discontinuous,
  title={Discontinuous syntax: hyperbaton in Greek},
  author={Devine, A.A.M. and Stephens, L.D.},
  lccn={99015285},
  year={2000},
  publisher={Oxford University Press, Incorporated}
}

@book{euripides2002euripides,
  title={Euripides: Medea},
  author={Euripides and Mastronarde, D.J.},
  lccn={2002073768},
  series={Cambridge Greek and Latin Classics},
  year={2002},
  publisher={Cambridge University Press}
}

@book{sophocles1999sophocles,
  title={Sophocles: Antigone},
  author={Sophocles and Griffith, M.},
  lccn={98035827},
  series={Cambridge Greek and Latin Classics},
  year={1999},
  publisher={Cambridge University Press}
}


@Misc{haskell2010,
  author =    {Marlow, Simon},
  year = 2010,
  title =     {The {Haskell} 2010 Report},
  note =      {\url{http://www.haskell.org/onlinereport/haskell2010/}}}


@incollection{perseustreebanks2011,
year={2011},
booktitle={Language Technology for Cultural Heritage},
series={Theory and Applications of Natural Language Processing},
editor={Sporleder, Caroline and Bosch, Antal and Zervanou, Kalliopi},
title={The Ancient Greek and Latin Dependency Treebanks},
publisher={Springer Berlin Heidelberg},
author={Bamman, David and Crane, Gregory},
pages={79-98},
language={English}
}


@inproceedings{bamman2006design,
  title={The design and use of a Latin dependency treebank},
  author={Bamman, David and Crane, Gregory},
  booktitle = {Proceedings of the Fifth Workshop on Treebanks and Linguistic Theories (TLT 2006)},
  pages={67--78},
  year={2006},
  url = {http://ufal.mff.cuni.cz/tlt2006/pdf/110.pdf},
}

